@Manual{R_cite,
  title = {R: A Language and Environment for Statistical Computing},
  author = {{R Core Team}},
  organization = {R Foundation for Statistical Computing},
  address = {Vienna, Austria},
  year = {2024},
  url = {https://www.R-project.org/},
}

@software{Metwaly_TargetTrialEmulation_jl_-_pre-release_2025,
author = {Metwaly, Florian},
month = jan,
title = {{TargetTrialEmulation.jl - pre-release}},
version = {v0.1.0},
year = {2025}
}

@online{van_amsterdam2024,
  author = {van Amsterdam, Wouter},
  title = {The Need for Speed, Performing Simulation Studies in {R,}
    {JAX} and {Julia}},
  date = {2024-03-08},
  year = {2024},
  url = {https://vanamsterdam.github.io/posts/240308-jaxopt-vs-r-vs-julia/},
  urldate = {2024-12-13},
  langid = {en}
}

@misc{alWhyWeCreated,
  title = {Why {We} {Created} {Julia}},
	url = {https://julialang.org/blog/2012/02/why-we-created-julia/},
	abstract = {Why We Created Julia {\textbar} In short, because we are greedy....},
	language = {en},
	urldate = {2024-10-10},
        year = {2012},
	author = {Stefan Karpinski and Viral Shah and Alan Edelman and Jeff Bezanson}
}

%%%%%%%%%%%%%%%%%%%%%%%%%%%%%%

@article{allanPropensityScoreMatching2020,
  title = {Propensity Score Matching and Inverse Probability of Treatment Weighting to Address Confounding by Indication in Comparative Effectiveness Research of Oral Anticoagulants},
  author = {Allan, Victoria and Ramagopalan, Sreeram V and Mardekian, Jack and Jenkins, Aaron and Li, Xiaoyan and Pan, Xianying and Luo, Xuemei},
  year = {2020},
  month = mar,
  journal = {Journal of Comparative Effectiveness Research},
  volume = {9},
  number = {9},
  pages = {603--614},
  publisher = {Becaris Publishing},
  doi = {10.2217/cer-2020-0013}
}

@misc{amsterdamNeedSpeedPerforming2024,
  title = {The Need for Speed, Performing Simulation Studies in {{R}}, {{JAX}} and {{Julia}}},
  author = {van Amsterdam, Wouter},
  year = {2024},
  month = mar,
  journal = {Wouter van Amsterdam},
  howpublished = {https://wvanamsterdam.com/posts/240308-jaxopt-vs-r-vs-julia/\#references},
  langid = {english}
}

@article{austinMovingBestPractice2015,
  title = {Moving towards Best Practice When Using Inverse Probability of Treatment Weighting ({{IPTW}}) Using the Propensity Score to Estimate Causal Treatment Effects in Observational Studies},
  author = {Austin, Peter C. and Stuart, Elizabeth A.},
  year = {2015},
  journal = {Statistics in Medicine},
  volume = {34},
  number = {28},
  pages = {3661--3679},
  issn = {1097-0258},
  doi = {10.1002/sim.6607},
  copyright = {{\copyright} 2015 The Authors. Statistics in Medicine Published by John Wiley \& Sons Ltd.},
  langid = {english},
  keywords = {causal inference,inverse probability of treatment weighting,IPTW,observational study,propensity score}
}

@article{austinVarianceEstimationWhen2016,
  title = {Variance Estimation When Using Inverse Probability of Treatment Weighting ({{IPTW}}) with Survival Analysis},
  author = {Austin, Peter C.},
  year = {2016},
  journal = {Statistics in Medicine},
  volume = {35},
  number = {30},
  pages = {5642--5655},
  issn = {1097-0258},
  doi = {10.1002/sim.7084},
  copyright = {{\copyright} 2016 The Authors. Statistics in Medicine published by John Wiley \& Sons Ltd.},
  langid = {english},
  keywords = {inverse probability of treatment weighting (IPTW),Monte Carlo simulations,observational study,propensity score,survival analysis,variance estimation}
}

@article{bakkerAnalysingElectronicHealth2021,
  title = {Analysing Electronic Health Records: {{The}} Benefits of Target Trial Emulation},
  shorttitle = {Analysing Electronic Health Records},
  author = {Bakker, Lytske J. and Goossens, Lucas M. A. and O'Kane, Maurice J. and {Uyl-de Groot}, Carin A. and Redekop, William K.},
  year = {2021},
  month = sep,
  journal = {Health Policy and Technology},
  volume = {10},
  number = {3},
  pages = {100545},
  issn = {2211-8837},
  doi = {10.1016/j.hlpt.2021.100545},
  keywords = {Electronic health records,Information technology,Observational research,Type 2 diabetes}
}

@article{bardaEffectivenessThirdDose2021,
  title = {Effectiveness of a Third Dose of the {{BNT162b2 mRNA COVID-19}} Vaccine for Preventing Severe Outcomes in {{Israel}}: An Observational Study},
  shorttitle = {Effectiveness of a Third Dose of the {{BNT162b2 mRNA COVID-19}} Vaccine for Preventing Severe Outcomes in {{Israel}}},
  author = {Barda, Noam and Dagan, Noa and Cohen, Cyrille and Hern{\'a}n, Miguel A. and Lipsitch, Marc and Kohane, Isaac S. and Reis, Ben Y. and Balicer, Ran D.},
  year = {2021},
  month = dec,
  journal = {The Lancet},
  volume = {398},
  number = {10316},
  pages = {2093--2100},
  publisher = {Elsevier},
  issn = {0140-6736, 1474-547X},
  doi = {10.1016/S0140-6736(21)02249-2},
  langid = {english},
  pmid = {34756184}
}

@article{benedettoStatisticalPrimerPropensity2018,
  title = {Statistical Primer: Propensity Score Matching and Its Alternatives{\dag}},
  shorttitle = {Statistical Primer},
  author = {Benedetto, Umberto and Head, Stuart J and Angelini, Gianni D and Blackstone, Eugene H},
  year = {2018},
  month = jun,
  journal = {European Journal of Cardio-Thoracic Surgery},
  volume = {53},
  number = {6},
  pages = {1112--1117},
  issn = {1010-7940},
  doi = {10.1093/ejcts/ezy167}
}

@article{bezansonJuliaFreshApproach2017,
  title = {Julia: {{A Fresh Approach}} to {{Numerical Computing}}},
  shorttitle = {Julia},
  author = {Bezanson, Jeff and Edelman, Alan and Karpinski, Stefan and Shah, Viral B.},
  year = {2017},
  journal = {SIAM Review},
  volume = {59},
  number = {1},
  eprint = {45109190},
  eprinttype = {jstor},
  pages = {65--98},
  publisher = {{Society for Industrial and Applied Mathematics}},
  issn = {0036-1445}
}

@inproceedings{binderDesignBasedMethodsSurvey,
  title={Design-based methods for survey data: Alternative uses of estimating functions},
  author={Binder, DA and Kovacevic, Milorad and Roberts, Georgia},
  booktitle={Proceedings of the Section on Survey Research Methods},
  pages={3301--3312},
  year={2004},
  organization={American Statistical Association Alexandria, VA}
}

@article{carpenterBootstrapConfidenceIntervals2000a,
  title = {Bootstrap Confidence Intervals: When, Which, What? {{A}} Practical Guide for Medical Statisticians},
  shorttitle = {Bootstrap Confidence Intervals},
  author = {Carpenter, James and Bithell, John},
  year = {2000},
  month = may,
  journal = {Statistics in Medicine},
  volume = {19},
  number = {9},
  pages = {1141--1164},
  issn = {0277-6715, 1097-0258},
  doi = {10.1002/(SICI)1097-0258(20000515)19:9<1141::AID-SIM479>3.0.CO;2-F},
  copyright = {http://doi.wiley.com/10.1002/tdm\_license\_1.1},
  langid = {english}
}

@article{chattonGcomputationPropensityScorebased2020,
  title = {G-Computation, Propensity Score-Based Methods, and Targeted Maximum Likelihood Estimator for Causal Inference with Different Covariates Sets: A Comparative Simulation Study},
  shorttitle = {G-Computation, Propensity Score-Based Methods, and Targeted Maximum Likelihood Estimator for Causal Inference with Different Covariates Sets},
  author = {Chatton, Arthur and Le Borgne, Florent and Leyrat, Cl{\'e}mence and Gillaizeau, Florence and Rousseau, Chlo{\'e} and Barbin, Laetitia and Laplaud, David and L{\'e}ger, Maxime and Giraudeau, Bruno and Foucher, Yohann},
  year = {2020},
  month = jun,
  journal = {Scientific Reports},
  volume = {10},
  number = {1},
  pages = {9219},
  publisher = {Nature Publishing Group},
  issn = {2045-2322},
  doi = {10.1038/s41598-020-65917-x},
  copyright = {2020 The Author(s)},
  langid = {english},
  keywords = {Epidemiology,Risk factors}
}

@article{chenLecture5Survival,
  title = {Lecture 5: {{Survival Analysis}}},
  author = {Chen, Yen-Chi},
  langid = {english}
}

@article{danaeiObservationalDataComparative2013,
  title = {Observational Data for Comparative Effectiveness Research: {{An}} Emulation of Randomised Trials of Statins and Primary Prevention of Coronary Heart Disease},
  shorttitle = {Observational Data for Comparative Effectiveness Research},
  author = {Danaei, Goodarz and Rodr{\'i}guez, Luis A Garc{\'i}a and Cantero, Oscar Fern{\'a}ndez and Logan, Roger and Hern{\'a}n, Miguel A},
  year = {2013},
  month = feb,
  journal = {Statistical Methods in Medical Research},
  volume = {22},
  number = {1},
  pages = {70--96},
  issn = {0962-2802, 1477-0334},
  doi = {10.1177/0962280211403603},
  langid = {english}
}

@article{desaiAlternativeApproachesConfounding2019,
  title = {Alternative Approaches for Confounding Adjustment in Observational Studies Using Weighting Based on the Propensity Score: A Primer for Practitioners},
  shorttitle = {Alternative Approaches for Confounding Adjustment in Observational Studies Using Weighting Based on the Propensity Score},
  author = {Desai, Rishi J. and Franklin, Jessica M.},
  year = {2019},
  month = oct,
  journal = {BMJ},
  volume = {367},
  pages = {l5657},
  publisher = {British Medical Journal Publishing Group},
  issn = {0959-8138, 1756-1833},
  doi = {10.1136/bmj.l5657},
  chapter = {Research Methods \&amp; Reporting},
  copyright = {Published by the BMJ Publishing Group Limited. For permission to use (where not already granted under a licence) please go to http://group.bmj.com/group/rights-licensing/permissions},
  langid = {english},
  pmid = {31645336}
}

@article{diciccioBootstrapConfidenceIntervals1996,
  title = {Bootstrap Confidence Intervals},
  author = {DiCiccio, Thomas J. and Efron, Bradley},
  year = {1996},
  month = sep,
  journal = {Statistical Science},
  volume = {11},
  number = {3},
  pages = {189--228},
  publisher = {Institute of Mathematical Statistics},
  issn = {0883-4237, 2168-8745},
  doi = {10.1214/ss/1032280214},
  keywords = {$BC_a$ and ABC methods,Bootstrap-$t$,Calibration,second-order accuracy}
}

@article{dickermanEvaluatingMetforminStrategies2023,
  title = {Evaluating {{Metformin Strategies}} for {{Cancer Prevention}}: {{A Target Trial Emulation Using Electronic Health Records}}},
  shorttitle = {Evaluating {{Metformin Strategies}} for {{Cancer Prevention}}},
  author = {Dickerman, Barbra A. and {Garc{\'i}a-Alb{\'e}niz}, Xabier and Logan, Roger W. and Denaxas, Spiros and Hern{\'a}n, Miguel A.},
  year = {2023},
  month = sep,
  journal = {Epidemiology},
  volume = {34},
  number = {5},
  pages = {690},
  issn = {1044-3983},
  doi = {10.1097/EDE.0000000000001626},
  langid = {american}
}

@book{efronIntroductionBootstrap1994,
  title = {An {{Introduction}} to the {{Bootstrap}}},
  author = {Efron, Bradley and Tibshirani, R. J.},
  year = {1994},
  month = may,
  publisher = {{Chapman and Hall/CRC}},
  address = {New York},
  doi = {10.1201/9780429246593},
  isbn = {978-0-429-24659-3}
}

@article{fuStartingRightAligning2025,
  title = {Starting Right: Aligning Eligibility and Treatment Assignment at Time Zero When Emulating a Target Trial},
  shorttitle = {Starting Right},
  author = {Fu, Edouard L. and Harhay, Michael and Schneeweiss, Sebastian and Desai, Rishi and Hern{\'a}n, Miguel A.},
  year = {2025},
  journal = {Available at SSRN 5177135}
}

@article{fuTargetTrialEmulation2023,
  title = {Target {{Trial Emulation}} to {{Improve Causal Inference}} from {{Observational Data}}: {{What}}, {{Why}}, and {{How}}?},
  shorttitle = {Target {{Trial Emulation}} to {{Improve Causal Inference}} from {{Observational Data}}},
  author = {Fu, Edouard L.},
  year = {2023},
  month = aug,
  journal = {Journal of the American Society of Nephrology},
  volume = {34},
  number = {8},
  pages = {1305},
  issn = {1046-6673},
  doi = {10.1681/ASN.0000000000000152},
  langid = {american}
}

@article{granSequentialCoxApproach2010,
  title = {A Sequential {{Cox}} Approach for Estimating the Causal Effect of Treatment in the Presence of Time-Dependent Confounding Applied to Data from the {{Swiss HIV Cohort Study}}},
  author = {Gran, Jon Michael and R{\o}ysland, Kjetil and Wolbers, Marcel and Didelez, Vanessa and Sterne, Jonathan A. C. and Ledergerber, Bruno and Furrer, Hansjakob and {von Wyl}, Viktor and Aalen, Odd O.},
  year = {2010},
  journal = {Statistics in Medicine},
  volume = {29},
  number = {26},
  pages = {2757--2768},
  issn = {1097-0258},
  doi = {10.1002/sim.4048},
  langid = {english},
  keywords = {causal inference,HIV/AIDS,observational studies,survival analysis,time-dependent confounding}
}

@misc{greiferChoosingCausalEstimand2023,
  title = {Choosing the {{Causal Estimand}} for {{Propensity Score Analysis}} of {{Observational Studies}}},
  author = {Greifer, Noah and Stuart, Elizabeth A.},
  year = {2023},
  month = jul,
  number = {arXiv:2106.10577},
  eprint = {2106.10577},
  publisher = {arXiv},
  archiveprefix = {arXiv},
  keywords = {Statistics - Methodology}
}

@article{grodsteinPostmenopausalEstrogenProgestin1996,
  title = {Postmenopausal {{Estrogen}} and {{Progestin Use}} and the {{Risk}} of {{Cardiovascular Disease}}},
  author = {Grodstein, Francine and Stampfer, Meir J. and Manson, JoAnn E. and Colditz, Graham A. and Willett, Walter C. and Rosner, Bernard and Speizer, Frank E. and Hennekens, Charles H.},
  year = {1996},
  month = aug,
  journal = {New England Journal of Medicine},
  volume = {335},
  number = {7},
  pages = {453--461},
  publisher = {Massachusetts Medical Society},
  issn = {0028-4793},
  doi = {10.1056/NEJM199608153350701}
}

@article{guptaAssociationEarlyTreatment2021,
  title = {Association {{Between Early Treatment With Tocilizumab}} and {{Mortality Among Critically Ill Patients With COVID-19}}},
  author = {Gupta, Shruti and Wang, Wei and Hayek, Salim S. and Chan, Lili and Mathews, Kusum S. and Melamed, Michal L. and Brenner, Samantha K. and {Leonberg-Yoo}, Amanda and Schenck, Edward J. and Radbel, Jared and Reiser, Jochen and Bansal, Anip and Srivastava, Anand and Zhou, Yan and Finkel, Diana and Green, Adam and Mallappallil, Mary and Faugno, Anthony J. and Zhang, Jingjing and Velez, Juan Carlos Q. and Shaefi, Shahzad and Parikh, Chirag R. and Charytan, David M. and Athavale, Ambarish M. and Friedman, Allon N. and Redfern, Roberta E. and Short, Samuel A. P. and Correa, Simon and Pokharel, Kapil K. and Admon, Andrew J. and Donnelly, John P. and Gershengorn, Hayley B. and Douin, David J. and Semler, Matthew W. and Hern{\'a}n, Miguel A. and Leaf, David E. and {STOP-COVID Investigators}},
  year = {2021},
  month = jan,
  journal = {JAMA Internal Medicine},
  volume = {181},
  number = {1},
  pages = {41--51},
  issn = {2168-6106},
  doi = {10.1001/jamainternmed.2020.6252}
}

@article{hallTheoreticalComparisonBootstrap1988,
  title = {Theoretical {{Comparison}} of {{Bootstrap Confidence Intervals}}},
  author = {Hall, Peter},
  year = {1988},
  journal = {The Annals of Statistics},
  volume = {16},
  number = {3},
  eprint = {2241604},
  eprinttype = {jstor},
  pages = {927--953},
  publisher = {Institute of Mathematical Statistics},
  issn = {0090-5364}
}

@book{hernanCausalInferenceWhat,
  title = {Causal {Inference}: {What} {If}},
	language = {en},
	author = {Hernan, Miguel A and Robins, James M},
	year = 2020
}

@article{hernanHazardsHazardRatios2010,
  title = {The {{Hazards}} of {{Hazard Ratios}}},
  author = {Hern{\'a}n, Miguel A.},
  year = {2010},
  month = jan,
  journal = {Epidemiology},
  volume = {21},
  number = {1},
  pages = {13},
  issn = {1044-3983},
  doi = {10.1097/EDE.0b013e3181c1ea43},
  langid = {american}
}

@article{hernanHowEstimateEffect2018,
  title = {How to Estimate the Effect of Treatment Duration on Survival Outcomes Using Observational Data},
  author = {Hern{\'a}n, Miguel A},
  year = {2018},
  month = feb,
  journal = {BMJ},
  pages = {k182},
  issn = {0959-8138, 1756-1833},
  doi = {10.1136/bmj.k182},
  langid = {english}
}

@article{hernanMarginalStructuralModels2000,
  title = {Marginal {{Structural Models}} to {{Estimate}} the {{Causal Effect}} of {{Zidovudine}} on the {{Survival}} of {{HIV-Positive Men}}},
  author = {Hern{\'a}n, Miguel {\'A}ngel and Brumback, Babette and Robins, James M.},
  year = {2000},
  month = sep,
  journal = {Epidemiology},
  volume = {11},
  number = {5},
  pages = {561},
  issn = {1044-3983},
  langid = {american}
}

@article{hernanObservationalStudiesAnalyzed2008,
  title = {Observational {{Studies Analyzed Like Randomized Experiments}}: {{An Application}} to {{Postmenopausal Hormone Therapy}} and {{Coronary Heart Disease}}},
  shorttitle = {Observational {{Studies Analyzed Like Randomized Experiments}}},
  author = {Hern{\'a}n, Miguel A. and Alonso, Alvaro and Logan, Roger and Grodstein, Francine and Michels, Karin B. and Willett, Walter C. and Manson, JoAnn E. and Robins, James M.},
  year = {2008},
  month = nov,
  journal = {Epidemiology},
  volume = {19},
  number = {6},
  pages = {766--779},
  issn = {1044-3983},
  doi = {10.1097/EDE.0b013e3181875e61},
  langid = {english}
}

@article{hernanSpecifyingTargetTrial2016,
  title = {Specifying a Target Trial Prevents Immortal Time Bias and Other Self-Inflicted Injuries in Observational Analyses},
  author = {Hern{\'a}n, Miguel A. and Sauer, Brian C. and {Hern{\'a}ndez-D{\'i}az}, Sonia and Platt, Robert and Shrier, Ian},
  year = {2016},
  month = nov,
  journal = {Journal of Clinical Epidemiology},
  volume = {79},
  pages = {70--75},
  issn = {0895-4356},
  doi = {10.1016/j.jclinepi.2016.04.014},
  keywords = {Comparative effectiveness research,Immortal time bias,Observational,Selection bias,studies,Target trial,Time zero}
}

@article{hernanStructuralDescriptionBiases2025,
  title = {A {{Structural Description}} of {{Biases That Generate Immortal Time}}},
  author = {Hern{\'a}n, Miguel A. and Sterne, Jonathan A. C. and Higgins, Julian P. T. and Shrier, Ian and {Hern{\'a}ndez-D{\'i}az}, Sonia},
  year = {2025},
  month = jan,
  journal = {Epidemiology},
  volume = {36},
  number = {1},
  pages = {107--114},
  issn = {1044-3983, 1531-5487},
  doi = {10.1097/EDE.0000000000001808},
  langid = {english}
}

@article{hernanTargetTrialEmulation2022,
  title = {Target {{Trial Emulation}}: {{A Framework}} for {{Causal Inference From Observational Data}}},
  shorttitle = {Target {{Trial Emulation}}},
  author = {Hern{\'a}n, Miguel A. and Wang, Wei and Leaf, David E.},
  year = {2022},
  month = dec,
  journal = {JAMA},
  volume = {328},
  number = {24},
  pages = {2446--2447},
  issn = {0098-7484},
  doi = {10.1001/jama.2022.21383}
}

@article{hernanTargetTrialFramework2025,
  title = {The {{Target Trial Framework}} for {{Causal Inference From Observational Data}}: {{Why}} and {{When Is It Helpful}}?},
  shorttitle = {The {{Target Trial Framework}} for {{Causal Inference From Observational Data}}},
  author = {Hern{\'a}n, Miguel A. and Dahabreh, Issa J. and Dickerman, Barbra A. and Swanson, Sonja A.},
  year = {2025},
  month = mar,
  journal = {Annals of Internal Medicine},
  volume = {178},
  number = {3},
  pages = {402--407},
  publisher = {American College of Physicians},
  issn = {0003-4819},
  doi = {10.7326/ANNALS-24-01871}
}

@article{hernanUsingBigData2016,
  title = {Using {{Big Data}} to {{Emulate}} a {{Target Trial When}} a {{Randomized Trial Is Not Available}}: {{Table}} 1.},
  shorttitle = {Using {{Big Data}} to {{Emulate}} a {{Target Trial When}} a {{Randomized Trial Is Not Available}}},
  author = {Hern{\'a}n, Miguel A. and Robins, James M.},
  year = {2016},
  month = apr,
  journal = {American Journal of Epidemiology},
  volume = {183},
  number = {8},
  pages = {758--764},
  issn = {0002-9262, 1476-6256},
  doi = {10.1093/aje/kwv254},
  langid = {english}
}

@article{igelstromCausalInferenceEffect2022,
  title = {Causal Inference and Effect Estimation Using Observational Data},
  author = {Igelstr{\"o}m, Erik and Craig, Peter and Lewsey, Jim and Lynch, John and Pearce, Anna and Katikireddi, Srinivasa Vittal},
  year = {2022},
  month = nov,
  journal = {Journal of Epidemiology and Community Health},
  volume = {76},
  number = {11},
  pages = {960--966},
  issn = {0143-005X, 1470-2738},
  doi = {10.1136/jech-2022-219267},
  langid = {english}
}

@misc{ImmortalTimeBias,
  title = {Immortal {{Time Bias}} in {{Observational Studies}}},
  journal = {McGraw Hill Medical},
  howpublished = {https://jamaevidence.mhmedical.com/content.aspx?bookid=2742\&sectionid=259296837\&utm\_source=chatgpt.com},
  langid = {english}
}

@article{kainzWaitingTimeSecond2022,
  title = {Waiting {{Time}} for {{Second Kidney Transplantation}} and {{Mortality}}},
  author = {Kainz, Alexander and Kammer, Michael and {Reindl-Schwaighofer}, Roman and Strohmaier, Susanne and Petr, Vojt{\v e}ch and Viklicky, Ondrej and Abramowicz, Daniel and Naik, Marcel and Mayer, Gert and Oberbauer, Rainer},
  year = {2022},
  month = jan,
  journal = {Clinical Journal of the American Society of Nephrology},
  volume = {17},
  number = {1},
  pages = {90},
  issn = {1555-9041},
  doi = {10.2215/CJN.07620621},
  langid = {american}
}

@article{keoghCausalInferenceSurvival2023,
  title = {Causal Inference in Survival Analysis Using Longitudinal Observational Data: {{Sequential}} Trials and Marginal Structural Models},
  shorttitle = {Causal Inference in Survival Analysis Using Longitudinal Observational Data},
  author = {Keogh, Ruth H. and Gran, Jon Michael and Seaman, Shaun R. and Davies, Gwyneth and Vansteelandt, Stijn},
  year = {2023},
  journal = {Statistics in Medicine},
  volume = {42},
  number = {13},
  pages = {2191--2225},
  issn = {1097-0258},
  doi = {10.1002/sim.9718},
  langid = {english},
  keywords = {cystic fibrosis,inverse probability weighting,marginal structural model,registries,sequential trials,survival,target trials,time-dependent confounding}
}

@article{keoghSimulatingLongitudinalData2021,
  title = {Simulating Longitudinal Data from Marginal Structural Models Using the Additive Hazard Model},
  author = {Keogh, Ruth H. and Seaman, Shaun R. and Gran, Jon Michael and Vansteelandt, Stijn},
  year = {2021},
  month = oct,
  journal = {Biometrical Journal. Biometrische Zeitschrift},
  volume = {63},
  number = {7},
  pages = {1526--1541},
  issn = {1521-4036},
  doi = {10.1002/bimj.202000040},
  langid = {english},
  pmcid = {PMC7612178},
  pmid = {33983641},
  keywords = {additive hazard model,causal inference,Computer Simulation,congenial models,longitudinal data,marginal structural model,Models Statistical,Models Structural,Proportional Hazards Models,simulation study,survival analysis,time-dependent confounding}
}

@book{kleinbaumSurvivalAnalysisSelfLearning2012,
  title = {Survival {{Analysis}}: {{A Self-Learning Text}}},
  shorttitle = {Survival {{Analysis}}},
  author = {Kleinbaum, David G. and Klein, Mitchel},
  year = {2012},
  series = {Statistics for {{Biology}} and {{Health}}},
  publisher = {Springer New York},
  address = {New York, NY},
  doi = {10.1007/978-1-4419-6646-9},
  copyright = {http://www.springer.com/tdm},
  isbn = {978-1-4419-6645-2 978-1-4419-6646-9},
  langid = {english}
}

@article{liADHDPharmacotherapyMortality2024,
  title = {{{ADHD Pharmacotherapy}} and {{Mortality}} in {{Individuals With ADHD}}},
  author = {Li, Lin and Zhu, Nanbo and Zhang, Le and {Kuja-Halkola}, Ralf and D'Onofrio, Brian M. and Brikell, Isabell and Lichtenstein, Paul and Cortese, Samuele and Larsson, Henrik and Chang, Zheng},
  year = {2024},
  month = mar,
  journal = {JAMA},
  volume = {331},
  number = {10},
  pages = {850--860},
  issn = {0098-7484},
  doi = {10.1001/jama.2024.0851}
}

@article{liGeneralizedBootstrapProcedure2024,
  title = {A {{Generalized Bootstrap Procedure}} of the {{Standard Error}} and {{Confidence Interval Estimation}} for {{Inverse Probability}} of {{Treatment Weighting}}},
  author = {Li, Tenglong and Lawson, Jordan},
  year = {2024},
  month = mar,
  journal = {Multivariate Behavioral Research},
  volume = {59},
  number = {2},
  pages = {251--265},
  publisher = {Routledge},
  issn = {0027-3171},
  doi = {10.1080/00273171.2023.2254541},
  pmid = {37724449},
  keywords = {bootstrap,causal inference,inverse probability treatment weighting,Propensity score analysis,unequal probability sampling}
}

@misc{limozinInferenceProceduresSequential2024,
  title = {Inference Procedures in Sequential Trial Emulation with Survival Outcomes: Comparing Confidence Intervals Based on the Sandwich Variance Estimator, Bootstrap and Jackknife},
  shorttitle = {Inference Procedures in Sequential Trial Emulation with Survival Outcomes},
  author = {Limozin, Juliette M. and Seaman, Shaun R. and Su, Li},
  year = {2024},
  month = jul,
  number = {arXiv:2407.08317},
  eprint = {2407.08317},
  publisher = {arXiv},
  doi = {10.48550/arXiv.2407.08317},
  archiveprefix = {arXiv},
  keywords = {Statistics - Methodology}
}

@article{linRobustInferenceCox1989,
  title = {The {{Robust Inference}} for the {{Cox Proportional Hazards Model}}},
  author = {Lin, D. Y. and Wei, L. J.},
  year = {1989},
  month = dec,
  journal = {Journal of the American Statistical Association},
  volume = {84},
  number = {408},
  pages = {1074--1078},
  issn = {0162-1459, 1537-274X},
  doi = {10.1080/01621459.1989.10478874},
  langid = {english},
  keywords = {Asymptotic theory,Model misspecification,Partial likelihood,Regression,Robustness,Survival data}
}

@article{listlCausalInferenceObservational2016,
  title = {Causal Inference from Observational Data},
  author = {Listl, Stefan and J{\"u}rges, Hendrik and Watt, Richard G.},
  year = {2016},
  journal = {Community Dentistry and Oral Epidemiology},
  volume = {44},
  number = {5},
  pages = {409--415},
  issn = {1600-0528},
  doi = {10.1111/cdoe.12231},
  copyright = {{\copyright} 2016 John Wiley \& Sons A/S. Published by John Wiley \& Sons Ltd},
  langid = {english},
  keywords = {causality,economics,epidemiology,health policy,observational study,public health}
}

@article{mandelSimulationBasedConfidenceIntervals2013,
  title = {Simulation-{{Based Confidence Intervals}} for {{Functions With Complicated Derivatives}}},
  author = {Mandel, Micha},
  year = {2013},
  month = may,
  journal = {The American Statistician},
  volume = {67},
  number = {2},
  pages = {76--81},
  publisher = {ASA Website},
  issn = {0003-1305},
  doi = {10.1080/00031305.2013.783880},
  keywords = {Asymptotic normal estimator,CI estimation of TargetTrial package,Delta method,Multiple sclerosis,Parametric bootstrap}
}

@article{maringeReflectionModernMethods2020,
  title = {Reflection on Modern Methods: Trial Emulation in the Presence of Immortal-Time Bias. {{Assessing}} the Benefit of Major Surgery for Elderly Lung Cancer Patients Using Observational Data},
  shorttitle = {Reflection on Modern Methods},
  author = {Maringe, Camille and Benitez Majano, Sara and Exarchakou, Aimilia and Smith, Matthew and Rachet, Bernard and Belot, Aur{\'e}lien and Leyrat, Cl{\'e}mence},
  year = {2020},
  month = oct,
  journal = {International Journal of Epidemiology},
  volume = {49},
  number = {5},
  pages = {1719--1729},
  issn = {0300-5771},
  doi = {10.1093/ije/dyaa057}
}

@article{meldrumBRIEFHISTORYRANDOMIZED2000,
  title = {A {{BRIEF HISTORY OF THE RANDOMIZED CONTROLLED TRIAL}}: {{From Oranges}} and {{Lemons}} to the {{Gold Standard}}},
  shorttitle = {A {{BRIEF HISTORY OF THE RANDOMIZED CONTROLLED TRIAL}}},
  author = {Meldrum, Marcia L.},
  year = {2000},
  month = aug,
  journal = {Hematology/Oncology Clinics of North America},
  volume = {14},
  number = {4},
  pages = {745--760},
  issn = {0889-8588},
  doi = {10.1016/S0889-8588(05)70309-9}
}

@article{mestdaghFingerprintResamplingGeneric2015,
  title = {Fingerprint Resampling: {{A}} Generic Method for Efficient Resampling},
  shorttitle = {Fingerprint Resampling},
  author = {Mestdagh, Merijn and Verdonck, Stijn and Duisters, Kevin and Tuerlinckx, Francis},
  year = {2015},
  month = nov,
  journal = {Scientific Reports},
  volume = {5},
  number = {1},
  pages = {16970},
  issn = {2045-2322},
  doi = {10.1038/srep16970},
  langid = {english}
}

@book{mooreAppliedSurvivalAnalysis2016,
  title = {Applied {{Survival Analysis Using R}}},
  author = {Moore, Dirk F.},
  year = {2016},
  series = {Use {{R}}!},
  publisher = {Springer International Publishing},
  address = {Cham},
  doi = {10.1007/978-3-319-31245-3},
  copyright = {http://www.springer.com/tdm},
  isbn = {978-3-319-31243-9 978-3-319-31245-3},
  langid = {english}
}

@article{morrisUsingSimulationStudies2019a,
  title = {Using Simulation Studies to Evaluate Statistical Methods},
  author = {Morris, Tim P. and White, Ian R. and Crowther, Michael J.},
  year = {2019},
  journal = {Statistics in Medicine},
  volume = {38},
  number = {11},
  pages = {2074--2102},
  issn = {1097-0258},
  doi = {10.1002/sim.8086},
  copyright = {{\copyright} 2019 The Authors. Statistics~in~Medicine Published by John Wiley \& Sons Ltd.},
  langid = {english},
  keywords = {graphics for simulation,Monte Carlo,simulation design,simulation reporting,simulation studies}
}

@article{naimiIntroductionMethods2017,
  title = {An Introduction to g Methods},
  author = {Naimi, Ashley I and Cole, Stephen R and Kennedy, Edward H},
  year = {2017},
  month = apr,
  journal = {International Journal of Epidemiology},
  volume = {46},
  number = {2},
  pages = {756--762},
  issn = {0300-5771},
  doi = {10.1093/ije/dyw323},
  pmcid = {PMC6074945},
  pmid = {28039382}
}

@article{nicholsCausalInferenceObservational,
  title = {Causal {{Inference}} with {{Observational Data}}},
  author = {Nichols, Austin},
  langid = {english},
  author = {Nichols, Austin},
  journal = {The Stata Journal},
  year = {2007},
  volume = {7},
  number = {4}
}

@article{pearlCausalInferenceStatistics2009,
  title = {Causal Inference in Statistics: {{An}} Overview},
  shorttitle = {Causal Inference in Statistics},
  author = {Pearl, Judea},
  year = {2009},
  month = jan,
  journal = {Statistics Surveys},
  volume = {3},
  number = {none},
  pages = {96--146},
  publisher = {{Amer. Statist. Assoc., the Bernoulli Soc., the Inst. Math. Statist., and the Statist. Soc. Canada}},
  issn = {1935-7516},
  doi = {10.1214/09-SS057},
  keywords = {causal effects,causes of effects,confounding,counterfactuals,graphical methods,mediation,policy evaluation,potential-outcome,structural equation models}
}

@book{pearlCausality2009,
  title = {Causality},
  author = {Pearl, Judea},
  year = {2009},
  month = sep,
  publisher = {Cambridge University Press},
  googlebooks = {f4nuexsNVZIC},
  isbn = {978-0-521-89560-6},
  langid = {english},
  keywords = {Computers / Artificial Intelligence / General,Mathematics / History & Philosophy,Mathematics / Probability & Statistics / General,Philosophy / Epistemology,Philosophy / General,Philosophy / Movements / Analytic,Science / Philosophy & Social Aspects,Social Science / Research}
}

@misc{polettoComparingPropensityScoreBased2024,
  title = {Comparing {{Propensity Score-Based Methods}} in {{Estimating}} the {{Treatment Effects}}: {{A Simulation Study}}},
  shorttitle = {Comparing {{Propensity Score-Based Methods}} in {{Estimating}} the {{Treatment Effects}}},
  author = {Poletto, Sara and Longato, Enrico and Tavazzi, Erica and Vettoretti, Martina},
  year = {2024},
  month = aug,
  number = {arXiv:2408.17385},
  eprint = {2408.17385},
  publisher = {arXiv},
  archiveprefix = {arXiv},
  keywords = {Statistics - Methodology}
}

@article{PostmenopausalEstrogenProgestin1996,
  title = {Postmenopausal {{Estrogen}} and {{Progestin Use}} and the {{Risk}} of {{Cardiovascular Disease}}},
  year = {1996},
  month = oct,
  journal = {New England Journal of Medicine},
  volume = {335},
  number = {18},
  pages = {1406--1406},
  publisher = {Massachusetts Medical Society},
  doi = {10.1056/NEJM199610313351822}
}

@article{sanson-fisherLimitationsRandomizedControlled2007,
  title = {Limitations of the {{Randomized Controlled Trial}} in {{Evaluating Population-Based Health Interventions}}},
  author = {{Sanson-Fisher}, Robert William and Bonevski, Billie and Green, Lawrence W. and D'Este, Cate},
  year = {2007},
  month = aug,
  journal = {American Journal of Preventive Medicine},
  volume = {33},
  number = {2},
  pages = {155--161},
  issn = {0749-3797},
  doi = {10.1016/j.amepre.2007.04.007}
}

@article{schaferAverageCausalEffects2008,
  title = {Average Causal Effects from Nonrandomized Studies: {{A}} Practical Guide and Simulated Example.},
  shorttitle = {Average Causal Effects from Nonrandomized Studies},
  author = {Schafer, Joseph L. and Kang, Joseph},
  year = {2008},
  journal = {Psychological Methods},
  volume = {13},
  number = {4},
  pages = {279--313},
  issn = {1939-1463, 1082-989X},
  doi = {10.1037/a0014268},
  langid = {english}
}

@article{schmidtDiclofenacUseCardiovascular2018,
  title = {Diclofenac Use and Cardiovascular Risks: Series of Nationwide Cohort Studies},
  shorttitle = {Diclofenac Use and Cardiovascular Risks},
  author = {Schmidt, Morten and S{\o}rensen, Henrik Toft and Pedersen, Lars},
  year = {2018},
  month = sep,
  journal = {BMJ},
  volume = {362},
  pages = {k3426},
  publisher = {British Medical Journal Publishing Group},
  issn = {0959-8138, 1756-1833},
  doi = {10.1136/bmj.k3426},
  chapter = {Research},
  copyright = {Published by the BMJ Publishing Group Limited. For permission to use (where not already granted under a licence) please go to http://group.bmj.com/group/rights-licensing/permissions. This is an Open Access article distributed in accordance with the Creative Commons Attribution Non Commercial (CC BY-NC 4.0) license, which permits others to distribute, remix, adapt, build upon this work non-commercially, and license their derivative works on different terms, provided the original work is properly cited and the use is non-commercial. See: http://creativecommons.org/licenses/by-nc/4.0/.},
  langid = {english},
  pmid = {30181258}
}

@article{scolaImplementationTrialEmulation2023,
  title = {Implementation of the Trial Emulation Approach in Medical Research: A Scoping Review},
  shorttitle = {Implementation of the Trial Emulation Approach in Medical Research},
  author = {Scola, Giulio and Chis Ster, Anca and Bean, Daniel and Pareek, Nilesh and Emsley, Richard and Landau, Sabine},
  year = {2023},
  month = aug,
  journal = {BMC Medical Research Methodology},
  volume = {23},
  number = {1},
  pages = {186},
  issn = {1471-2288},
  doi = {10.1186/s12874-023-02000-9},
  langid = {english},
  keywords = {Causal inference,Observational data,Target trial,Trial emulation}
}

@article{seamanReviewInverseProbability2013,
  title = {Review of Inverse Probability Weighting for Dealing with Missing Data},
  author = {Seaman, Shaun R and White, Ian R},
  year = {2013},
  month = jun,
  journal = {Statistical Methods in Medical Research},
  volume = {22},
  number = {3},
  pages = {278--295},
  publisher = {SAGE Publications Ltd STM},
  issn = {0962-2802},
  doi = {10.1177/0962280210395740},
  langid = {english}
}

@article{seamanSimulatingDataMarginal2024,
  title = {Simulating {{Data From Marginal Structural Models}} for a {{Survival Time Outcome}}},
  author = {Seaman, Shaun R. and Keogh, Ruth H.},
  year = {2024},
  journal = {Biometrical Journal},
  volume = {66},
  number = {8},
  pages = {e70010},
  issn = {1521-4036},
  doi = {10.1002/bimj.70010},
  copyright = {{\copyright} 2024 The Author(s). Biometrical Journal published by Wiley-VCH GmbH.},
  langid = {english},
  keywords = {bootstrap,causal inference,compatible models,congenial models,continuous-time marginal structural model,sandwich estimator,simulation studies,survival analysis,time-dependent confounding}
}

@misc{suTrialEmulationPackageEmulate2024,
  title = {{{TrialEmulation}}: {{An R Package}} to {{Emulate Target Trials}} for {{Causal Analysis}} of {{Observational Time-to-event Data}}},
  shorttitle = {{{TrialEmulation}}},
  author = {Su, Li and Rezvani, Roonak and Seaman, Shaun R. and Starr, Colin and Gravestock, Isaac},
  year = {2024},
  month = feb,
  number = {arXiv:2402.12083},
  eprint = {2402.12083},
  primaryclass = {stat},
  publisher = {arXiv},
  archiveprefix = {arXiv},
  langid = {english},
  keywords = {Statistics - Computation,Statistics - Methodology}
}

@article{thewomenshealthinitiativestudygroupDesignWomensHealth1998,
  title = {Design of the {{Women}}'s {{Health Initiative Clinical Trial}} and {{Observational Study}}},
  author = {The Women's Health Initiative Study Group},
  year = {1998},
  month = feb,
  journal = {Controlled Clinical Trials},
  volume = {19},
  number = {1},
  pages = {61--109},
  issn = {0197-2456},
  doi = {10.1016/S0197-2456(97)00078-0},
  keywords = {Calcium and vitamin D supplementation,clinical trial monitoring,cohort study,dietary modification,disease prevention,hormone replacement therapy,partial factorial design,postmenopausal women,randomized clinical trial,study organization and management,trial monitoring,women's health}
}

@article{thoemmesPrimerInverseProbability2016,
  title = {A {{Primer}} on {{Inverse Probability}} of {{Treatment Weighting}} and {{Marginal Structural Models}}},
  author = {Thoemmes, Felix and Ong, Anthony D.},
  year = {2016},
  month = feb,
  journal = {Emerging Adulthood},
  volume = {4},
  number = {1},
  pages = {40--59},
  publisher = {SAGE Publications Inc},
  issn = {2167-6968},
  doi = {10.1177/2167696815621645},
  langid = {english}
}

@article{tripepiIntentionTreatProtocol2020,
  title = {Intention to Treat and per Protocol Analysis in Clinical Trials},
  author = {Tripepi, Giovanni and Chesnaye, Nicholas C. and Dekker, Friedo W. and Zoccali, Carmine and Jager, Kitty J.},
  year = {2020},
  journal = {Nephrology},
  volume = {25},
  number = {7},
  pages = {513--517},
  issn = {1440-1797},
  doi = {10.1111/nep.13709},
  copyright = {{\copyright} 2020 Asian Pacific Society of Nephrology},
  langid = {english},
  keywords = {intention to treat analysis,per protocol analysis,randomized clinical trials}
}

@article{varas-lorenzoHormoneReplacementTherapy2000,
  title = {Hormone {{Replacement Therapy}} and {{Incidence}} of {{Acute Myocardial Infarction}}},
  author = {{Varas-Lorenzo}, Cristina and {Garc{\'i}a-Rodr{\'i}guez}, Luis A. and {Perez-Gutthann}, Susanne and {Duque-Oliart}, Alberto},
  year = {2000},
  month = jun,
  journal = {Circulation},
  volume = {101},
  number = {22},
  pages = {2572--2578},
  publisher = {American Heart Association},
  doi = {10.1161/01.CIR.101.22.2572}
}

@book{wickhamAdvancedSecondEdition2020,
  title = {Advanced {{R}}, {{Second Edition}}},
  author = {Wickham, Hadley},
  year = {2020},
  month = dec,
  edition = {2},
  publisher = {{Chapman and Hall/CRC}},
  address = {New York},
  doi = {10.1201/9781351201315},
  isbn = {978-1-351-20131-5}
}

@article{woldCausalInferenceObservational1956,
  title = {Causal {{Inference}} from {{Observational Data}}: {{A Review}} of {{End}} and {{Means}}},
  shorttitle = {Causal {{Inference}} from {{Observational Data}}},
  author = {Wold, Herman},
  year = {1956},
  journal = {Journal of the Royal Statistical Society. Series A (General)},
  volume = {119},
  number = {1},
  eprint = {2342961},
  eprinttype = {jstor},
  pages = {28--61},
  publisher = {[Royal Statistical Society, Oxford University Press]},
  issn = {0035-9238},
  doi = {10.2307/2342961}
}

@article{wuOutcomesReinitiatingDirect2025,
  title = {Outcomes of {{Reinitiating Direct Oral~Anticoagulants After Intracranial~Hemorrhage}}: {{A Sequential Target Trial Emulation Study}}},
  shorttitle = {Outcomes of {{Reinitiating Direct Oral~Anticoagulants After Intracranial~Hemorrhage}}},
  author = {Wu, Yu-Han and Lin, Shin-Yi and Lin, Fang-Ju and Tang, Sung-Chun and Wang, Chi-Chuan},
  year = {2025},
  month = mar,
  journal = {JACC: Asia},
  volume = {5},
  number = {3, Part 1},
  pages = {361--370},
  issn = {2772-3747},
  doi = {10.1016/j.jacasi.2024.11.008},
  keywords = {atrial fibrillation,direct oral anticoagulants,intracranial hemorrhage,target trial emulation}
}

@article{xiaoAccuracyConventionalMarginal2010,
  title = {Accuracy of Conventional and Marginal Structural {{Cox}} Model Estimators: A Simulation Study},
  shorttitle = {Accuracy of Conventional and Marginal Structural {{Cox}} Model Estimators},
  author = {Xiao, Yongling and Abrahamowicz, Michal and Moodie, Erica E. M.},
  year = {2010},
  journal = {The International Journal of Biostatistics},
  volume = {6},
  number = {2},
  pages = {Article 13},
  issn = {1557-4679},
  doi = {10.2202/1557-4679.1208},
  langid = {english},
  pmid = {21969997},
  keywords = {Cohort Studies,Computer Simulation,Confounding Factors Epidemiologic,HIV Infections,Humans,Logistic Models,Models Statistical,Proportional Hazards Models,Survival Analysis,Time Factors,Treatment Outcome}
}

@article{xieMolnupiravirRiskHospital2023,
  title = {Molnupiravir and Risk of Hospital Admission or Death in Adults with Covid-19: Emulation of a Randomized Target Trial Using Electronic Health Records},
  shorttitle = {Molnupiravir and Risk of Hospital Admission or Death in Adults with Covid-19},
  author = {Xie, Yan and Bowe, Benjamin and {Al-Aly}, Ziyad},
  year = {2023},
  month = mar,
  journal = {BMJ},
  volume = {380},
  pages = {e072705},
  publisher = {British Medical Journal Publishing Group},
  issn = {1756-1833},
  doi = {10.1136/bmj-2022-072705},
  chapter = {Research},
  copyright = {{\copyright} Author(s) (or their employer(s)) 2019. Re-use permitted under CC BY-NC. No commercial re-use. See rights and permissions. Published by BMJ.. http://creativecommons.org/licenses/by-nc/4.0/This is an Open Access article distributed in accordance with the Creative Commons Attribution Non Commercial (CC BY-NC 4.0) license, which permits others to distribute, remix, adapt, build upon this work non-commercially, and license their derivative works on different terms, provided the original work is properly cited and the use is non-commercial. See: http://creativecommons.org/licenses/by-nc/4.0/.},
  langid = {english},
  pmid = {36882199}
}

@article{xuUseStabilizedInverse2010,
  title = {Use of Stabilized Inverse Propensity Scores as Weights to Directly Estimate Relative Risk and Its Confidence Intervals},
  author = {Xu, Stanley and Ross, Colleen and Raebel, Marsha A. and Shetterly, Susan and Blanchette, Christopher and Smith, David},
  year = {2010},
  journal = {Value in health : the journal of the International Society for Pharmacoeconomics and Outcomes Research},
  volume = {13},
  number = {2},
  pages = {273--277},
  issn = {1098-3015},
  doi = {10.1111/j.1524-4733.2009.00671.x},
  pmcid = {PMC4351790},
  pmid = {19912596}
}

@article{youngSimulationKnownCox2014,
  title = {Simulation from a Known {{Cox MSM}} Using Standard Parametric Models for the G-Formula},
  author = {Young, Jessica G. and Tchetgen Tchetgen, Eric J.},
  year = {2014},
  month = mar,
  journal = {Statistics in Medicine},
  volume = {33},
  number = {6},
  pages = {1001--1014},
  issn = {1097-0258},
  doi = {10.1002/sim.5994},
  langid = {english},
  pmcid = {PMC3947915},
  pmid = {24151138},
  keywords = {Algorithms,Analysis of Variance,Bias,Biostatistics,causal inference,Causality,Computer Simulation,g-formula,g-null paradox,Humans,marginal structural models,Markov Chains,Models Statistical,Proportional Hazards Models,Regression Analysis,simulation,survival analysis}
}

@misc{zivichEstimatingEquationsSurvival2025,
  title = {Estimating Equations for Survival Analysis with Pooled Logistic Regression},
  author = {Zivich, Paul N. and Cole, Stephen R. and {Shook-Sa}, Bonnie E. and DeMonte, Justin B. and Edwards, Jessie K.},
  year = {2025},
  month = apr,
  number = {arXiv:2504.13291},
  eprint = {2504.13291},
  primaryclass = {stat},
  publisher = {arXiv},
  doi = {10.48550/arXiv.2504.13291},
  archiveprefix = {arXiv},
  keywords = {Statistics - Computation,Statistics - Methodology}
}

@article{zuoImplementationTargetTrial2023,
  title = {The Implementation of Target Trial Emulation for Causal Inference: A~Scoping Review},
  shorttitle = {The Implementation of Target Trial Emulation for Causal Inference},
  author = {Zuo, Hanxiao and Yu, Lin and Campbell, Sandra M. and Yamamoto, Shelby S. and Yuan, Yan},
  year = {2023},
  month = oct,
  journal = {Journal of Clinical Epidemiology},
  volume = {162},
  pages = {29--37},
  issn = {0895-4356},
  doi = {10.1016/j.jclinepi.2023.08.003},
  keywords = {Causal inference,Methodology,Observational data,Residual confounding,Scoping review,Target trial emulation}
}

@article{yadavImmortalTimeBias2021,
  title = {Immortal {{Time Bias}} in {{Observational Studies}}},
  author = {Yadav, Kabir and Lewis, Roger J.},
  year = {2021},
  month = feb,
  journal = {JAMA},
  volume = {325},
  number = {7},
  pages = {686--687},
  issn = {0098-7484},
  doi = {10.1001/jama.2020.9151}
}

@article{leiEvaluationSeveralNonparametric2003,
  title = {Evaluation of Several Nonparametric Bootstrap Methods to Estimate Confidence Intervals for Software Metrics},
  author = {Lei, Skylar and Smith, M.R.},
  year = {2003},
  month = nov,
  journal = {IEEE Transactions on Software Engineering},
  volume = {29},
  number = {11},
  pages = {996--1004},
  issn = {1939-3520},
  doi = {10.1109/TSE.2003.1245301},
  keywords = {Computer industry,Context modeling,Estimation error,Footwear industry,Software algorithms,Software engineering,Software metrics,State estimation,Statistical analysis,Statistics}
}

@misc{christmannBootstrapSGDAlgorithmic2024,
  title = {Bootstrap {{SGD}}: {{Algorithmic Stability}} and {{Robustness}}},
  shorttitle = {Bootstrap {{SGD}}},
  author = {Christmann, Andreas and Lei, Yunwen},
  year = {2024},
  month = sep,
  number = {arXiv:2409.01074},
  eprint = {2409.01074},
  primaryclass = {stat},
  publisher = {arXiv},
  doi = {10.48550/arXiv.2409.01074},
  archiveprefix = {arXiv},
  keywords = {Computer Science - Artificial Intelligence,Computer Science - Machine Learning,Statistics - Machine Learning}
}
